@inproceedings{ahonen2007soft,
  title={Soft histograms for local binary patterns},
  author={Ahonen, Timo and Pietik{\"a}inen, Matti},
  booktitle={Proceedings of the Finnish signal processing symposium, FINSIG},
  volume={5},
  pages={1},
  year={2007}
}
