@inproceedings{Davis:2006:RPR:1143844.1143874,
 author = {Davis, Jesse and Goadrich, Mark},
 title = {The Relationship Between Precision-Recall and ROC Curves},
 booktitle = {Proceedings of the 23rd International Conference on Machine Learning},
 series = {ICML '06},
 year = {2006},
 isbn = {1-59593-383-2},
 location = {Pittsburgh, Pennsylvania, USA},
 pages = {233--240},
 numpages = {8},
 url = {http://doi.acm.org/10.1145/1143844.1143874},
 doi = {10.1145/1143844.1143874},
 acmid = {1143874},
 publisher = {ACM},
 address = {New York, NY, USA},
} 
